% https://www.bibtex.com/g/bibtex-format/

@book{Hubble1936,
    title       = "The Realm of the Nebulae",
    author      = "Edwin Hubble",
    publisher   = "Yale University Press",
    address     = "New Haven, CT",
    year        = "1936"
}

@article{SPARC,
    title       = "SPARC: Mass Models for 175 Disk Galaxies with Spitzer Photometry and Accurate Rotation Curves",
    author      = "Lelli, Federico and McGaugh, Stacy S. and Schombert, James M.",
    year        = "2016",
    doi         = "10.3847/0004-6256/152/6/157",
}
